@article{chan2004heuristic,
  author    = {Felix T. S. Chan, S. H. Chung and S. Wadhwa},
  title     = {A heuristic methodology for order distribution in a demand driven collaborative supply chain},
  journal   = {International Journal of Production Research},
  volume    = {42},
  number    = {1},
  pages     = {1--19},
  year      = {2004},
  publisher = {Taylor \& Francis},
  doi       = {10.1080/0020754031000103293},
  url       = {https://doi.org/10.1080/0020754031000103293},
  eprint    = {https://doi.org/10.1080/0020754031000103293}
}
@article{siham2022genetic,
  author    = {Sihem Ben Jouida and Saoussen Krichen},
  title     = {A genetic algorithm for supplier selection problem under collaboration opportunities},
  journal   = {Journal of Experimental \& Theoretical Artificial Intelligence},
  volume    = {34},
  number    = {1},
  pages     = {53--79},
  year      = {2022},
  publisher = {Taylor \& Francis},
  doi       = {10.1080/0952813X.2020.1836031},
  url       = {https://doi.org/10.1080/0952813X.2020.1836031},
  eprint    = {https://doi.org/10.1080/0952813X.2020.1836031
}
}




@article{taylor2017forecasting,
  title    = {Forecasting at scale},
  author   = {Taylor, Sean J and Letham, Benjamin},
  year     = 2017,
  month    = sep,
  keywords = {Time Series, Statistical Practice, Nonlinear Regression},
  volume   = 5,
  pages    = {e3190v2},
  journal  = {PeerJ Preprints},
  issn     = {2167-9843},
  url      = {https://doi.org/10.7287/peerj.preprints.3190v2},
  doi      = {10.7287/peerj.preprints.3190v2}
}

@article{ekanayake2020antcolony,
  title   = {A Modified Ant Colony Optimization Algorithm for Solving a Transportation Problem},
  volume  = {35},
  url     = {https://journaljamcs.com/index.php/JAMCS/article/view/1473},
  doi     = {10.9734/jamcs/2020/v35i530284},
  number  = {5},
  journal = {Journal of Advances in Mathematics and Computer Science},
  author  = {Ekanayake, E. M. U. S. B. and Perera, S. P. C. and Daundasekara, W. B. and Juman, Z. A. M. S.},
  year    = {2020},
  month   = {Aug.},
  pages   = {83–101}
}

@article{ai2021multisupplier,
  doi       = {10.1371/journal.pone.0246035},
  author    = {Ai, Xueyi AND Yue, Yi AND Xu, Haoxuan AND Deng, Xudong},
  journal   = {PLOS ONE},
  publisher = {Public Library of Science},
  title     = {Optimizing multi-supplier multi-item joint replenishment problem for non-instantaneous deteriorating items with quantity discounts},
  year      = {2021},
  month     = {02},
  volume    = {16},
  url       = {https://doi.org/10.1371/journal.pone.0246035},
  pages     = {1-22},
  number    = {2}
}

@misc{triebe2021neuralprophet,
  title         = {NeuralProphet: Explainable Forecasting at Scale},
  author        = {Oskar Triebe and Hansika Hewamalage and Polina Pilyugina and Nikolay Laptev and Christoph Bergmeir and Ram Rajagopal},
  year          = {2021},
  eprint        = {2111.15397},
  archiveprefix = {arXiv},
  primaryclass  = {cs.LG},
  url           = {https://arxiv.org/abs/2111.15397}
}

@inproceedings{wang2018greenrouting,
  author    = {Wang, Xi and Wang, Li},
  booktitle = {2018 15th International Conference on Service Systems and Service Management (ICSSSM)},
  title     = {Green Routing Optimization for Logistics Distribution with Path Flexibility and Service Time Window},
  year      = {2018},
  volume    = {},
  number    = {},
  pages     = {1-5},
  keywords  = {Vehicle routing;Roads;Logistics;Green products;Optimization;Air pollution;Routing;logistics distribution;green routing optimization;path flexibility;time-dependent;service time window},
  doi       = {10.1109/ICSSSM.2018.8464993}
}

@article{seifbarghy2022coordination,
  author    = {Seifbarghy, M. and Shoeib, M. and Pishva, D.},
  title     = {Coordination of a single-supplier multi-retailer supply chain via joint ordering policy considering incentives for retailers and utilizing economies of scale},
  journal   = {Scientia Iranica},
  volume    = {},
  number    = {},
  pages     = {-},
  year      = {2022},
  publisher = {Sharif University of Technology},
  issn      = {1026-3098},
  eissn     = {2345-3605},
  doi       = {10.24200/sci.2022.57120.5072},
  keywords  = {Supply chain,Joint periodic review policy,Lead time reduction,Continuous review inventory policy,Retailer’s incentives,Economies of scale},
  url       = {https://scientiairanica.sharif.edu/article_22670.html},
  eprint    = {https://scientiairanica.sharif.edu/article_22670_4998acda12e7bf061d2e64013fcf9ce4.pdf}
}

@inproceedings{zhou2023whalealgorithm,
  author    = {Zhou, Jiaxu},
  booktitle = {2023 International Conference on Networking, Informatics and Computing (ICNETIC)},
  title     = {Research on Multi-objective Green Vehicle Path Optimization Based on Whale Algorithm},
  year      = {2023},
  volume    = {},
  number    = {},
  pages     = {385-389},
  keywords  = {Pollution;Costs;Roads;Transportation;Whales;Whale optimization algorithms;Planning;Whale algorithm;Vehicle routing optimization;Green vehicles;Multi-objective optimization},
  doi       = {10.1109/ICNETIC59568.2023.00086}
}


@article{mamoun2024pharmaceutical,
  author  = {Khadija Ait Mamoun and Lamia Hammadi and Abdessamad El Ballouti and Antonio G.N. Novaes and Eduardo Souza De Cursi},
  doi     = {doi:10.2478/ttj-2024-0012},
  url     = {https://doi.org/10.2478/ttj-2024-0012},
  title   = {Vehicle Routing Optimization Algorithms for Pharmaceutical Supply Chain: A Systematic Comparison},
  journal = {Transport and Telecommunication Journal},
  number  = {2},
  volume  = {25},
  year    = {2024},
  pages   = {161--173}
}



@article{maroof2024hybridgenetic,
  author   = {Maroof, Ayesha and Ayvaz, Berk and Naeem, Khawar},
  journal  = {IEEE Access},
  title    = {Logistics Optimization Using Hybrid Genetic Algorithm (HGA): A Solution to the Vehicle Routing Problem With Time Windows (VRPTW)},
  year     = {2024},
  volume   = {12},
  number   = {},
  pages    = {36974-36989},
  keywords = {Genetic algorithms;Vehicle routing;Metaheuristics;Heuristic algorithms;Benchmark testing;Computational modeling;Supply chain management;Optimization methods;Capacity planning;Timing;Hybrid Genetic Algorithm (HGA);logistics and transportation;Solomon Insertion Heuristic;supply chain optimization;vehicle routing problem with time windows (VRPTW)},
  doi      = {10.1109/ACCESS.2024.3373699}
}